@inproceedings{RSTN,
  title={Recurrent saliency transformation network: Incorporating multi-stage visual cues for small organ segmentation},
  author={Yu, Qihang and Xie, Lingxi and Wang, Yan and Zhou, Yuyin and Fishman, Elliot K and Yuille, Alan L},
  booktitle={Proceedings of the IEEE conference on computer vision and pattern recognition},
  pages={8280--8289},
  year={2018}
}

@inproceedings{unet,
  title={U-net: Convolutional networks for biomedical image segmentation},
  author={Ronneberger, Olaf and Fischer, Philipp and Brox, Thomas},
  booktitle={International Conference on Medical image computing and computer-assisted intervention},
  pages={234--241},
  year={2015},
  organization={Springer}
}

@inproceedings{zhou2017fixed,
  title={A fixed-point model for pancreas segmentation in abdominal CT scans},
  author={Zhou, Yuyin and Xie, Lingxi and Shen, Wei and Wang, Yan and Fishman, Elliot K and Yuille, Alan L},
  booktitle={International conference on medical image computing and computer-assisted intervention},
  pages={693--701},
  year={2017},
  organization={Springer}
}

@article{attentionunet,
  title={Attention u-net: Learning where to look for the pancreas},
  author={Oktay, Ozan and Schlemper, Jo and Folgoc, Loic Le and Lee, Matthew and Heinrich, Mattias and Misawa, Kazunari and Mori, Kensaku and McDonagh, Steven and Hammerla, Nils Y and Kainz, Bernhard and others},
  journal={arXiv preprint arXiv:1804.03999},
  year={2018}
}

@inproceedings{FCN,
  title={Fully convolutional networks for semantic segmentation},
  author={Long, Jonathan and Shelhamer, Evan and Darrell, Trevor},
  booktitle={Proceedings of the IEEE conference on computer vision and pattern recognition},
  pages={3431--3440},
  year={2015}
}

@article{fasterrcnn,
  title={Faster r-cnn: Towards real-time object detection with region proposal networks},
  author={Ren, Shaoqing and He, Kaiming and Girshick, Ross and Sun, Jian},
  journal={IEEE transactions on pattern analysis and machine intelligence},
  volume={39},
  number={6},
  pages={1137--1149},
  year={2016},
  publisher={IEEE}
}

@inproceedings{FCOS,
  title={Fcos: Fully convolutional one-stage object detection},
  author={Tian, Zhi and Shen, Chunhua and Chen, Hao and He, Tong},
  booktitle={Proceedings of the IEEE international conference on computer vision},
  pages={9627--9636},
  year={2019}
}

@inproceedings{cornernet,
  title={Cornernet: Detecting objects as paired keypoints},
  author={Law, Hei and Deng, Jia},
  booktitle={Proceedings of the European Conference on Computer Vision (ECCV)},
  pages={734--750},
  year={2018}
}

@inproceedings{duan2019centernet,
  title={Centernet: Keypoint triplets for object detection},
  author={Duan, Kaiwen and Bai, Song and Xie, Lingxi and Qi, Honggang and Huang, Qingming and Tian, Qi},
  booktitle={Proceedings of the IEEE International Conference on Computer Vision},
  pages={6569--6578},
  year={2019}
}

@inproceedings{TCIA,
  title={Data From Pancreas-CT},
  author={Holger R. Roth and Amal Farag and Evrim B. Turkbey and Le Lu and Jiamin Liu and Ronald M. Summers.},
  booktitle={The Cancer Imaging Archive},
  year={2016}
}

@inproceedings{NIH,
  title={Deeporgan: Multi-level deep convolutional networks for automated pancreas segmentation},
  author={Roth, Holger R and Lu, Le and Farag, Amal and Shin, Hoo-Chang and Liu, Jiamin and Turkbey, Evrim B and Summers, Ronald M},
  booktitle={International conference on medical image computing and computer-assisted intervention},
  pages={556--564},
  year={2015},
  organization={Springer}
}

@inproceedings{DIoU,
  title={Distance-IoU Loss: Faster and Better Learning for Bounding Box Regression.},
  author={Zheng, Zhaohui and Wang, Ping and Liu, Wei and Li, Jinze and Ye, Rongguang and Ren, Dongwei},
  booktitle={AAAI},
  pages={12993--13000},
  year={2020}
}

@inproceedings{yolo,
  title={You only look once: Unified, real-time object detection},
  author={Redmon, Joseph and Divvala, Santosh and Girshick, Ross and Farhadi, Ali},
  booktitle={Proceedings of the IEEE conference on computer vision and pattern recognition},
  pages={779--788},
  year={2016}
}

@inproceedings{focalloss,
  title={Focal loss for dense object detection},
  author={Lin, Tsung-Yi and Goyal, Priya and Girshick, Ross and He, Kaiming and Doll{\'a}r, Piotr},
  booktitle={Proceedings of the IEEE international conference on computer vision},
  pages={2980--2988},
  year={2017}
}

@article{STN,
  title={Spatial transformer networks},
  author={Jaderberg, Max and Simonyan, Karen and Zisserman, Andrew and others},
  journal={Advances in neural information processing systems},
  volume={28},
  pages={2017--2025},
  year={2015}
}

@inproceedings{3dc2f,
  title={Fully automated pancreas segmentation with two-stage 3d convolutional neural networks},
  author={Zhao, Ningning and Tong, Nuo and Ruan, Dan and Sheng, Ke},
  booktitle={International Conference on Medical Image Computing and Computer-Assisted Intervention},
  pages={201--209},
  year={2019},
  organization={Springer}
}

@article{ConResNet,
  title={Inter-slice Context Residual Learning for 3D Medical Image Segmentation},
  author={Zhang, Jianpeng and Xie, Yutong and Wang, Yan and Xia, Yong},
  journal={IEEE Transactions on Medical Imaging},
  year={2020},
  publisher={IEEE}
}

@inproceedings{ResDSN,
  title={A 3D coarse-to-fine framework for volumetric medical image segmentation},
  author={Zhu, Zhuotun and Xia, Yingda and Shen, Wei and Fishman, Elliot and Yuille, Alan},
  booktitle={2018 International Conference on 3D Vision (3DV)},
  pages={682--690},
  year={2018},
  organization={IEEE}
}

@inproceedings{bayesian,
  title={A novel bayesian model incorporating deep neural network and statistical shape model for pancreas segmentation},
  author={Ma, Jingting and Lin, Feng and Wesarg, Stefan and Erdt, Marius},
  booktitle={International Conference on Medical Image Computing and Computer-Assisted Intervention},
  pages={480--487},
  year={2018},
  organization={Springer}
}

@article{deeplab,
  title={Rethinking atrous convolution for semantic image segmentation},
  author={Chen, Liang-Chieh and Papandreou, George and Schroff, Florian and Adam, Hartwig},
  journal={arXiv preprint arXiv:1706.05587},
  year={2017}
}

@article{segnet,
  title={Segnet: A deep convolutional encoder-decoder architecture for image segmentation},
  author={Badrinarayanan, Vijay and Kendall, Alex and Cipolla, Roberto},
  journal={IEEE transactions on pattern analysis and machine intelligence},
  volume={39},
  number={12},
  pages={2481--2495},
  year={2017},
  publisher={IEEE}
}

@inproceedings{psp,
  title={Pyramid scene parsing network},
  author={Zhao, Hengshuang and Shi, Jianping and Qi, Xiaojuan and Wang, Xiaogang and Jia, Jiaya},
  booktitle={Proceedings of the IEEE conference on computer vision and pattern recognition},
  pages={2881--2890},
  year={2017}
}

@inproceedings{hourglass,
  title={Stacked hourglass networks for human pose estimation},
  author={Newell, Alejandro and Yang, Kaiyu and Deng, Jia},
  booktitle={European conference on computer vision},
  pages={483--499},
  year={2016},
  organization={Springer}
}

@article{imagenet,
  title={Imagenet large scale visual recognition challenge},
  author={Russakovsky, Olga and Deng, Jia and Su, Hao and Krause, Jonathan and Satheesh, Sanjeev and Ma, Sean and Huang, Zhiheng and Karpathy, Andrej and Khosla, Aditya and Bernstein, Michael and others},
  journal={International journal of computer vision},
  volume={115},
  number={3},
  pages={211--252},
  year={2015},
  publisher={Springer}
}

@inproceedings{resnet,
  title={Deep residual learning for image recognition},
  author={He, Kaiming and Zhang, Xiangyu and Ren, Shaoqing and Sun, Jian},
  booktitle={Proceedings of the IEEE conference on computer vision and pattern recognition},
  pages={770--778},
  year={2016}
}